%%
%%----------------------------journal abbreviations
@STRING{ AAM = "Adv.\@ Appl.\@ Mech.\@" }
@STRING{ CCR = "Cement and Concrete Research" }
@STRING{ CM = "Comput.\@ Mech.\@" }
@STRING{ COS = "Compos.\@ Struct.\@" }
@STRING{ EFM =  "Engng.\@ Fract.\@ Mech.\@"}
@STRING{ IJF = "Int.\@ J.\@ Fract.\@" }
@STRING{ IJSS = "Int.\@ J.\@ Solids Struct.\@" }
@STRING{ JCOM = "J.\@ Compos.\@ Mater.\@" }
@STRING{ JMPS = "J.\@ Mech.\@ Phys.\@ Solids.\@" }
%%
@STRING{ AnNM = "Ann.\@ Num.\@ Math.\@" }
@STRING{ ANM = "Appl.\@ Num.\@ Math.\@" }
@STRING{ CANM = "Comm.\@ Appl.\@ Num.\@ Meth.\@" }
@STRING{ CM = "Comp.\@ Mech.\@" }
@STRING{ CMAME = "Comp.\@ Meth.\@ Appl.\@ Mech.\@ Engng.\@" }
@STRING{ CNME = "Comm.\@ Num.\@ Meth.\@ Engng." }
@STRING{ COMP = "Computing" }
@STRING{ CS = "Comput.\@ Struct.\@" }
@STRING{ EC = "Engng.\@ Comput.\@" }
@STRING{ EESD = "Earthquake Engrg.\@ Structural Dynamics" }
@STRING{ IJNLM = "Int.\@ J.\@ Non-Lin.\@ Mech.\@" }
@STRING{ IJNME = "Int.\@ J.\@ Num.\@ Meth.\@ Engng.\@" }
@STRING{ IJSS = "Int.\@ J.\@ Solids Strcut.\@" }
@STRING{ IMAJNA = "IMA J.\@ Num.\@ Anal.\@" }
@STRING{ JAM = "J.\@ Appl.\@ Mech.\@" }
@STRING{ JCP = "J.\@ Comp.\@ Phys.\@" }
@STRING{ JEMD = "Journal of the Engineering Mechanic Division" }
@STRING{ JMPS = "J.\@ Mech.\@ Phys.\@ Solids" }
@STRING{ JNS = "J.\@ Nonlin.\@ Sc.\@" }
@STRING{ JSV = "J.\@ Sound Vib.\@" }
@STRING{ ND = "Nonlin.\@ Dyn.\@" }
@STRING{ NM = "Numer.\@ Math.\@" }
@STRING{ PAG = "Pure Appl.\@ Geophys.\@" }
@STRING{ PIAS = "Progr.\@ Aero.\@ Sc.\@" }
@STRING{ PRL = "Phys.\@ Rev.\@ Lett.\@" }
@STRING{ PTRSLA = "Phil.\@ Trans.\@ Roy.\@ Soc.\@ Lond.\@ A" }
@STRING{ PTRSLAPES = "Phil.\@ Trans.\@ Roy.\@ Soc.\@ Lond.\@ A: Phys.\@
Engrg.\@ Sc.\@" }
@STRING{ PD = "Physica D" }
@STRING{ PLA = "Phys.\@ Lett.\@ A" }
@STRING{ SIAMJNA = "SIAM J.\@ Numer.\@ Anal.\@" }
@STRING{ SIAMJSC = "SIAM J.\@ Sci.\@ Comput.\@" }
@STRING{ ZAMP = "J.\@ Appl.\@ Math.\@ Phys.\@ (ZAMP)" }
%%
%%----------------------------templates
@ARTICLE{,
   author = "",
   title = "",
   journal = "",
   volume = "",
   number = "",
   pages = "",
   month = "",
   year = "",
   note = "",
}

@BOOK{,
   author = "",
   editor = "",
   title = "",
   series = "",
   volume = "",
   edition = "",
   publisher = "",
   address = "",
   year = "",
}

%%
%%----------------------------database body
@BOOK{strdyn:hairer87,
   author = "E. Hairer and S.P. N{\o}rsett and G. Wanner",
   title = "Solving ordinary differential equations I, {Nonstiff} problems",
   series = "",
   volume = "",
   edition = "",
   publisher = "Springer-Verlag",
   address = "Berlin",
   year = "1987",
}

@BOOK{strdyn:hairer91,
   author = "E. Hairer  and  G. Wanner",
   title = "Solving ordinary differential equations {II}, {Stiff} and
   differential-algebraic problems",
   series = "",
   volume = "",
   edition = "",
   publisher = "Springer-Verlag",
   address = "Berlin",
   year = "1991",
}

@BOOK{strdyn:deuflhard94,
   author = "P. Deuflhard and F. Bornemann",
   title = "{Num\-er\-ische} {Mathe\-ma\-tik} {II}: {Integrat\-ion}
   ge\-w{\"o}hn\-lich\-er {Dif\-ferential\-gleich\-ung\-en}", 
   series = "",
   volume = "",
   edition = "",
   publisher = "Walter de Gryter",
   address = "Berlin",
   year = "1994",
}

@ARTICLE{strdyn:zienkiewicz91,
   author = "O.C. Zienkiewicz and Y.M. Xie",
   title = "A simple error estimator and adaptive time stepping
   procedure for dynamic analysis",
   journal = EESD,
   volume = "20",
   number = "",
   pages = "871--887",
   month = "",
   year = "1991",
   note = "",
}

@ARTICLE{strdyn:newmark59,
   author = "N.M. Newmark",
   title = "A method of computation for structural dynamics",
   journal = JEMD,
   volume = "85",
   number = "EM3",
   pages = "67--94",
   month = "",
   year = "1959",
   note = "",
}

@Article{strdyn:chung95,
  author = 	 {J. Chung and G. Hulbert},
  title = 	 {A time integration algorithm for structural dynamics with improved numerical dissipation},
  journal = 	 {J. Appl. Mech.},
  year = 	 {1993},
  OPTkey = 	 {},
  volume = 	 {60},
  OPTnumber = 	 {},
  pages = 	 {371--375},
  OPTmonth = 	 {},
  OPTnote = 	 {},
  OPTannote = 	 {}
}

@PhdThesis{strdyn:bornemann03,
  author = 	 {P.B. Bornemann},
  title = 	 {Time integration algorithms for the steady states of dissipative non-linear dynamic systems},
  school = 	 {Imperial College London},
  year = 	 {2003},
  OPTkey = 	 {},
  OPTtype = 	 {},
  OPTaddress = 	 {},
  OPTmonth = 	 {},
  OPTnote = 	 {},
  OPTannote = 	 {}
}

