@Book{howtodoc:jones97,
  author = 	 {Terry Jones},
  title = 	 {Douglas Adams's Starship Titanic},
  publisher = 	 {Random House},
  year = 	 {1997},
  OPTkey = 	 {},
  OPTvolume = 	 {},
  OPTnumber = 	 {},
  OPTseries = 	 {},
  OPTaddress = 	 {},
  OPTedition = 	 {},
  OPTmonth = 	 {},
  OPTnote = 	 {},
  OPTannote = 	 {}
}

