%%
%%----------------------------journal abbreviations
@STRING{ AAM = "Adv.\@ Appl.\@ Mech.\@" }
@STRING{ CCR = "Cement and Concrete Research" }
@STRING{ CM = "Comput.\@ Mech.\@" }
@STRING{ COS = "Compos.\@ Struct.\@" }
@STRING{ EFM =  "Engng.\@ Fract.\@ Mech.\@"}
@STRING{ IJF = "Int.\@ J.\@ Fract.\@" }
@STRING{ IJSS = "Int.\@ J.\@ Solids Struct.\@" }
@STRING{ JCOM = "J.\@ Compos.\@ Mater.\@" }
@STRING{ JMPS = "J.\@ Mech.\@ Phys.\@ Solids.\@" }
%%
@STRING{ AnNM = "Ann.\@ Num.\@ Math.\@" }
@STRING{ ANM = "Appl.\@ Num.\@ Math.\@" }
@STRING{ CANM = "Comm.\@ Appl.\@ Num.\@ Meth.\@" }
@STRING{ CM = "Comp.\@ Mech.\@" }
@STRING{ CMAME = "Comp.\@ Meth.\@ Appl.\@ Mech.\@ Engng.\@" }
@STRING{ CNME = "Comm.\@ Num.\@ Meth.\@ Engng." }
@STRING{ COMP = "Computing" }
@STRING{ CS = "Comput.\@ Struct.\@" }
@STRING{ EC = "Engng.\@ Comput.\@" }
@STRING{ EESD = "Earthquake Engrg.\@ Structural Dynamics" }
@STRING{ IJNLM = "Int.\@ J.\@ Non-Lin.\@ Mech.\@" }
@STRING{ IJNME = "Int.\@ J.\@ Num.\@ Meth.\@ Engng.\@" }
@STRING{ IJSS = "Int.\@ J.\@ Solids Strcut.\@" }
@STRING{ IMAJNA = "IMA J.\@ Num.\@ Anal.\@" }
@STRING{ JAM = "J.\@ Appl.\@ Mech.\@" }
@STRING{ JCP = "J.\@ Comp.\@ Phys.\@" }
@STRING{ JEMD = "Journal of the Engineering Mechanic Division" }
@STRING{ JMPS = "J.\@ Mech.\@ Phys.\@ Solids" }
@STRING{ JNS = "J.\@ Nonlin.\@ Sc.\@" }
@STRING{ JSV = "J.\@ Sound Vib.\@" }
@STRING{ ND = "Nonlin.\@ Dyn.\@" }
@STRING{ NM = "Numer.\@ Math.\@" }
@STRING{ PAG = "Pure Appl.\@ Geophys.\@" }
@STRING{ PIAS = "Progr.\@ Aero.\@ Sc.\@" }
@STRING{ PRL = "Phys.\@ Rev.\@ Lett.\@" }
@STRING{ PTRSLA = "Phil.\@ Trans.\@ Roy.\@ Soc.\@ Lond.\@ A" }
@STRING{ PTRSLAPES = "Phil.\@ Trans.\@ Roy.\@ Soc.\@ Lond.\@ A: Phys.\@
Engrg.\@ Sc.\@" }
@STRING{ PD = "Physica D" }
@STRING{ PLA = "Phys.\@ Lett.\@ A" }
@STRING{ SIAMJNA = "SIAM J.\@ Numer.\@ Anal.\@" }
@STRING{ SIAMJSC = "SIAM J.\@ Sci.\@ Comput.\@" }
@STRING{ ZAMP = "J.\@ Appl.\@ Math.\@ Phys.\@ (ZAMP)" }
%%
%%----------------------------templates
@ARTICLE{,
   author = "",
   title = "",
   journal = "",
   volume = "",
   number = "",
   pages = "",
   month = "",
   year = "",
   note = "",
}

@BOOK{,
   author = "",
   editor = "",
   title = "",
   series = "",
   volume = "",
   edition = "",
   publisher = "",
   address = "",
   year = "",
}

%%
%%----------------------------database body
@BOOK{inparams:reiser94,
   author = "M. Reiser and N. Wirth",
   title = "{Pro\-gram\-mier\-en} in {Oberon}: {Das} neue {Pas\-cal}",
   series = "",
   volume = "",
   edition = "",
   publisher = "Addison Wesley",
   address = "Bonn",
   year = "1994",
}


